<record><leader>00000cas a22000007a 4500</leader><controlfield tag="001">25404278</controlfield><controlfield tag="008">920306c19909999aruwr ne      0    0eng d</controlfield><datafield ind1=" " ind2=" " tag="010"><subfield code="a">sn 92050035 </subfield></datafield><datafield ind1=" " ind2=" " tag="040"><subfield code="a">ANU</subfield><subfield code="b">eng</subfield><subfield code="c">ANU</subfield><subfield code="d">OCLCQ</subfield></datafield><datafield ind1=" " ind2=" " tag="042"><subfield code="a">msc</subfield></datafield><datafield ind1="0" ind2=" " tag="130"><subfield code="a">Voice (Sherwood, Ark. : 1990)</subfield></datafield><datafield ind1="1" ind2="4" tag="245"><subfield code="a">The Voice.</subfield></datafield><datafield ind1=" " ind2=" " tag="260"><subfield code="a">Sherwood, Ark. :</subfield><subfield code="b">General Media</subfield></datafield><datafield ind1=" " ind2=" " tag="300"><subfield code="a">v.</subfield></datafield><datafield ind1=" " ind2=" " tag="310"><subfield code="a">Weekly</subfield></datafield><datafield ind1="0" ind2=" " tag="362"><subfield code="a">Vol. 25, no. 27 (Mar. 29, 1990)-</subfield></datafield><datafield ind1=" " ind2="4" tag="651"><subfield code="a">Sherwood (Ark.)</subfield><subfield code="v">Newspapers.</subfield></datafield><datafield ind1=" " ind2=" " tag="752"><subfield code="a">United States</subfield><subfield code="b">Arkansas</subfield><subfield code="c">Pulaski</subfield><subfield code="d">Sherwood.</subfield></datafield><datafield ind1="0" ind2="0" tag="780"><subfield code="t">Sherwood voice</subfield><subfield code="w">(DLC)sn 92050049</subfield></datafield></record>